1991 3261
287 154 422 183 HUGo
455 153 753 189 DAHLSTED'r,
789 143 1097 182 osrstNsKA
1127 152 1399 181 TARAXACA.
1612 144 1662 182 67

535 343 587 385 Τ.
622 344 929 385 calulatulum
963 357 1006 383 n.
1040 356 1159 396 spec.

148 457 279 498 Folia
309 457 501 498 obscure
533 455 980 504 lutescenti-viridia‚
1014 456 1207 509 sparsim
1238 455 1284 495 in
1316 468 1458 495 nervo
1489 454 1662 495 dorsali

33 528 106 566 sat
136 523 274 565 dense
305 529 352 565 et
383 525 600 564 interiora
631 524 676 563 in
709 527 810 564 tota
827 524 995 577 pagina
1027 522 1164 576 vulgo
1194 531 1229 570 ss
1261 521 1400 563 dense
1421 535 1659 570 araneosa,

37 591 219 645 petiolis
251 596 324 632 sat
355 591 565 644 angustis
598 615 649 619 —
681 590 906 631 subalatis
937 595 983 631 et
1014 604 1158 631 nervo
1174 589 1343 630 dorsali
1360 603 1445 643 pro
1462 590 1664 630 maxima

37 663 168 712 parte
200 672 242 698 v.
276 657 429 699 saltim
461 659 636 700 inferne
668 657 1045 699 vinosis-lucide
1077 657 1332 711 purpureis,
1367 657 1595 697 exteriora
1616 661 1664 697 et

34 725 304 767 intermedia
344 734 380 773 ᾗ
420 725 692 774 lanceolata,
738 725 853 767 lobis
898 724 1153 773 deltoideis‚
1195 723 1486 765 inferioribus
1517 724 1662 777 magis

36 794 258 847 angustis,
306 793 443 834 dorso
497 802 532 840 ss
586 793 1043 839 subulam-dentatis,
1086 792 1339 833 interlobiis
1378 801 1414 840 ᾗ
1454 792 1662 844 angustis

43 870 79 908 ss
119 860 267 914 longis
311 865 507 914 anguste
553 860 756 901 dentatis
802 861 922 901 inter
958 874 1004 900 se
1036 860 1235 909 remotis⁷
1268 859 1577 913 superioribus
1617 868 1652 907 ᾗ

34 928 140 969 latis
185 927 321 969 dorso
366 928 806 982 integro—sparsius
846 927 1294 974 subulam-dentato,
1335 936 1371 974 ὲ
1412 927 1661 968 reversis—

35 1001 107 1037 sat
150 996 421 1050 patentibus
468 996 690 1042 acutisss
730 995 889 1049 longis,
936 995 1139 1048 margine
1183 995 1414 1049 superiore
1445 994 1660 1036 subrecto

37 1078 78 1104 v,
134 1072 169 1111 ss
222 1077 443 1111 convexo,
478 1078 521 1104 V.
555 1064 708 1103 omnia
739 1063 854 1103 lobis
894 1071 929 1109 ss
968 1063 1305 1117 approximatis
1337 1063 1480 1116 magis
1511 1062 1661 1103 denti-

37 1130 202 1171 culatis
245 1135 291 1171 et
330 1130 436 1171 latis
466 1130 673 1184 praedita,
708 1129 814 1171 lobo
846 1129 1076 1170 terminali
1108 1130 1153 1169 in
1185 1129 1263 1170 fol.
1296 1130 1482 1170 extimis
1513 1143 1659 1183 parvo

43 1206 78 1244 ss
134 1196 321 1238 hastato
365 1211 483 1250 saepe
528 1210 666 1250 supra
711 1196 913 1237 medium
959 1200 1199 1237 contracto
1242 1201 1289 1236 et
1319 1197 1365 1237 in
1397 1198 1574 1250 apicem
1614 1206 1649 1244 ᾖς

34 1270 296 1319 angustum,
347 1266 391 1305 in
436 1264 512 1305 fol.
560 1264 773 1306 solitariis
818 1265 957 1305 etiam
988 1265 1365 1318 angustissimum
1398 1264 1659 1306 filiformem

34 1337 294 1381 attenuato,
328 1333 374 1372 in
405 1331 481 1373 fol.
515 1332 817 1373 exterioribus
856 1331 1659 1386 (triangulari->hastato——sagittato

33 1400 374 1441 breviore—sat
419 1399 633 1453 elongato
679 1400 858 1453 integro
904 1413 946 1440 V.
981 1413 1121 1453 supra
1152 1399 1353 1440 medium
1384 1400 1430 1440 in
1462 1406 1659 1453 utroque

38 1482 80 1508 v.
125 1467 171 1508 in
217 1480 309 1508 uno
354 1466 561 1508 alterove
606 1467 810 1520 margine
861 1466 1208 1515 1—2-lobulato‚
1242 1466 1409 1508 lobulis
1441 1467 1658 1508 brevibus

34 1534 139 1575 latis
183 1534 424 1575 deltoideis
469 1535 618 1575 acutis
663 1548 707 1575 V.
754 1539 813 1575 ut·
852 1533 1100 1588 plurimum
1154 1542 1189 1581 ss
1230 1534 1506 1583 rotundatis,
1541 1549 1658 1589 saepe

34 1601 182 1642 solum
232 1614 377 1655 prope
421 1601 597 1655 apicem
643 1601 743 1642 sitis
787 1605 834 1642 et
879 1603 1041 1649 acutis,
1089 1602 1308 1642 interiora
1353 1601 1469 1642 lobis
1514 1603 1658 1655 magis

33 1669 366 1723 approximatis
397 1668 639 1709 latioribus
678 1678 714 1716 ss
754 1669 1063 1723 irregulariter
1084 1674 1130 1709 et
1149 1668 1288 1710 breve
1310 1669 1659 1710 subulato-den-

34 1737 145 1777 tatis
177 1736 281 1776 lobo
312 1736 542 1777 terminali
580 1745 615 1784 ᾗ
656 1736 870 1790 elongato
898 1735 1371 1790 hastato—sagittato
1392 1742 1530 1778 acuto
1552 1736 1658 1778 sub-

34 1805 225 1858 integro,
258 1818 375 1858 saepe
406 1805 536 1858 apice
566 1804 712 1845 solum
744 1804 989 1845 bidentato
1020 1819 1062 1845 v.
1087 1805 1227 1845 etiam
1249 1805 1658 1858 sparsim—crebre

33 1871 250 1912 dentibus
281 1871 506 1913 lobulisve
537 1871 778 1912 latioribus
809 1877 854 1913 et
887 1871 1230 1926 angustioribus
1285 1881 1321 1919 ss
1370 1872 1658 1925 inaequaliter

32 1939 240 1988 dentato,
287 1939 364 1980 fol.
412 1940 632 1980 interiora
661 1944 709 1980 et
740 1940 903 1981 intima
937 1943 997 1993 (v.
1032 1939 1246 1993 plurima)
1287 1948 1322 1987 ss
1363 1940 1561 1993 oblonga
1591 1941 1657 1981 in-

32 2006 158 2046 ferne
188 2005 339 2053 breve,
369 2006 527 2047 lobata
558 2006 672 2047 lobis
704 2007 895 2048 reversis
926 2007 971 2047 in
1003 2007 1208 2061 margine
1238 2008 1469 2061 superiore
1509 2017 1543 2055 ᾗς
1583 2023 1657 2049 su-

34 2073 421 2115 bulato·dentatis
451 2073 649 2127 loboque
680 2074 909 2115 terminali
940 2088 1106 2129 magno
1142 2084 1178 2122 ᾗ
1209 2075 1656 2129 oblongo-sagittato

32 2140 190 2182 crebre
221 2145 267 2181 et
298 2140 585 2194 inaequaliter
615 2141 1050 2183 subulato-dentato
1082 2156 1124 2183 v,
1157 2143 1297 2183 etiam
1328 2144 1495 2196 passim
1528 2143 1655 2184 lobu-

31 2208 141 2257 lato,
189 2207 421 2249 interdum
466 2207 682 2263 dentibus
728 2208 846 2249 binis
882 2222 1024 2262 prope
1056 2210 1232 2263 apicem
1263 2209 1411 2250 solum
1442 2210 1652 2253 evolutis.

144 2275 281 2328 Scapz'
312 2275 480 2329 plures,
513 2275 621 2316 folia
651 2281 887 2329 aequantes
918 2290 1062 2330 usque
1084 2277 1186 2330 plus
1207 2277 1350 2332 duplo
1367 2284 1653 2332 superantes,

31 2343 207 2384 inferne
246 2352 282 2391 ὲ
322 2344 481 2384 vinose
526 2343 732 2392 colorati,
777 2349 993 2385 caeterum
1024 2344 1194 2398 pallide
1226 2345 1394 2386 virides
1425 2360 1570 2399 usque
1609 2356 1645 2394 ss

32 2410 417 2464 fusco-purpurei,
451 2411 645 2464 sparsim
677 2425 719 2452 v.
753 2425 961 2465 superne,
996 2413 1249 2465 praesertim
1280 2413 1365 2454 sub
1396 2413 1651 2462 involucro,

31 2477 517 2519 densiuscule—dense
547 2479 769 2519 araneosi.

143 2545 378 2587 Involucra
424 2559 576 2586 crassa
621 2545 791 2595 brevia,
831 2550 991 2587 14——15
1023 2561 1130 2589 mm.
1163 2548 1312 2602 longa,
1351 2552 1512 2589 12—13
1544 2562 1650 2589 mm.

30 2612 139 2662 lata,
173 2612 365 2654 obscure
396 2612 694 2653 viridia-sat
724 2613 998 2655 atroviridia
1027 2628 1145 2668 saepe
1183 2624 1219 2663 ss
1259 2617 1489 2669 pruinosa,
1522 2631 1653 2669 squa-

30 2679 117 2720 mis
147 2679 449 2720 exterioribus
488 2679 622 2720 valde
653 2679 834 2721 reflexis
864 2681 1103 2723 interiores
1134 2682 1227 2723 fere
1257 2683 1549 2736 aequantibus
1579 2688 1652 2724 sat

30 2746 238 2799 angustis
273 2748 500 2798 1—2(—3)
533 2760 639 2787 mm.
673 2747 791 2796 latis,
827 2748 872 2788 in
901 2749 1078 2802 apicem
1098 2754 1348 2803 angustum
1368 2764 1650 2804 purpureum

29 2814 301 2862 attenuatis,
347 2827 487 2867 supra
532 2813 699 2867 pallide
730 2815 955 2856 viridibus
987 2830 1029 2857 v.
1063 2818 1239 2871 apicem
1271 2831 1429 2858 versus
1462 2831 1504 2858 V.
1539 2818 1651 2858 totis

34 2888 74 2926 -ss
113 2880 485 2930 violascentibus,
534 2881 697 2922 subtus
729 2882 921 2923 obscure
952 2884 1177 2926 viridibus
1216 2894 1251 2932 ss
1293 2884 1649 2926 violascentibus

29 2961 73 2988 v.
120 2948 272 3000 piceis,
321 2952 514 3001 anguste
546 2948 624 2989 sed
655 2950 898 3003 conspicue
928 2952 1212 3005 marginatis,
1246 2952 1539 2994 interioribus
1571 2952 1650 2992 ob—
