1991 3261
310 162 445 192 HUGo
478 162 775 197 DAHLSTEDT,
811 151 1119 190 os'rsvssNSKA
1150 158 1418 188 TARAXACA.
1629 150 1679 188 27

602 351 656 393 Τ.
692 351 903 393 lucidum
937 363 978 391 n.
1012 364 1131 404 spec.

174 462 304 504 Folia
336 463 436 504 laete
469 470 512 504 et
546 477 735 504 amoene
768 462 945 512 viridia,
979 462 1139 516 glabra
1171 476 1212 502 v,
1237 463 1281 502 in
1305 474 1447 501 nervo
1469 459 1682 501 mediano

61 543 198 584 parce
240 544 473 579 araneosa,
518 530 698 584 petiolis
738 531 945 584 angustis
983 543 1144 583 parum
1175 529 1310 570 alatis
1341 534 1388 569 et
1419 540 1560 569 nervo
1590 540 1682 567 me-

60 597 199 638 diano
244 597 337 638 fere
383 598 440 638 ad
484 599 659 652 apicem
702 598 850 639 lucide
882 603 928 638 et
959 597 1104 638 diluto
1135 596 1391 651 purpureis,
1425 596 1597 636 extima
1637 603 1672 642 ss

60 664 283 719 lingulata
314 665 581 720 subintegra
612 665 1093 719 denticulata—parce
1124 664 1294 713 lobata,
1328 663 1443 704 lobis
1471 663 1682 703 brevissi-

60 733 146 773 mis
177 732 283 773 latis
313 732 554 774 deltoideis
594 732 978 789 ss denticulatis,
1011 731 1116 773 lobo
1149 731 1376 772 terminali
1409 744 1552 784 parvo
1581 730 1682 771 has-

60 804 162 841 tato
185 799 501 841 obtusiusculo
525 815 565 841 v.
590 800 772 849 obtuso,
797 801 1024 841 exteriora
1046 804 1093 840 et
1110 799 1382 840 intermedia
1407 807 1443 846 ss
1469 797 1680 852 oblonga,

60 867 238 908 inferne
259 876 295 915 ὲ
318 867 765 917 subulam-dentata,
782 867 839 908 ad
855 867 1056 908 medium
1072 866 1188 907 lobis
1199 866 1406 920 angustis
1421 866 1570 906 acutis
1587 879 1681 905 sur-

60 948 161 976 sum
204 935 249 976 in
292 935 535 976 interlobia
567 935 701 976 valde
733 940 779 976 et
809 935 942 988 longe
973 933 1408 975 subulam-dentata
1437 932 1681 974 latiuscula

62 1017 107 1043 V.
155 1003 331 1043 inferne
376 1003 541 1044 latiora
589 1010 632 1051 ὲ·
673 1002 949 1051 abientibuS,
982 1015 1180 1055 superne
1211 1000 1326 1042 lobis
1358 1000 1599 1042 latioribus
1640 1009 1676 1048 ss

59 1069 300 1111 deltoideis
332 1070 618 1111 brevioribus
648 1076 695 1111 et
725 1068 1052 1111 obtusiusculis
1084 1083 1127 1110 v.
1161 1068 1440 1122 longioribus
1472 1073 1518 1109 et
1538 1069 1682 1122 magis

58 1139 207 1179 acutis
252 1147 288 1186 ὲ
335 1138 615 1192 pat-entibus,
663 1138 871 1192 apicibus
902 1137 1135 1178 interdum
1174 1146 1210 1184 ᾗ
1250 1136 1589 1191 porrigentibus
1637 1151 1678 1177 V.

64 1208 107 1254 ᾐ-
147 1206 354 1254 reversis,
399 1207 603 1260 margine
645 1206 876 1259 superiore
907 1219 1024 1259 saepe
1065 1212 1101 1252 ss
1141 1217 1349 1245 convexo
1380 1205 1681 1258 integro—in-

58 1273 296 1326 aequaliter
325 1273 774 1322 subulam-dentato,
808 1272 932 1313 haud
965 1286 1067 1313 raro
1098 1272 1284 1326 plicato,
1316 1271 1422 1312 lobo
1453 1271 1681 1312 terminali

58 1340 540 1394 sagittata—hastato,
589 1341 792 1394 margine
830 1349 866 1388 ᾖς
907 1353 1127 1388 convexo,
1175 1353 1314 1394 supra
1355 1338 1532 1380 lobulos
1569 1338 1682 1380 late-

57 1406 173 1448 rales
218 1412 432 1460 patentes
477 1413 523 1448 et
568 1408 855 1461 angustiores
902 1422 945 1448 v.
991 1407 1135 1460 magis
1180 1420 1386 1447 reversos
1417 1410 1464 1447 et
1495 1406 1680 1447 latiores

59 1488 177 1528 saepe
216 1484 251 1522 ὲ
292 1480 547 1525 cont-racto,
595 1475 774 1528 integro
820 1489 862 1516 v,
895 1474 1072 1516 inferne
1103 1488 1240 1528 parce
1271 1479 1317 1515 et
1348 1474 1440 1515 late
1470 1473 1678 1522 dentato,

56 1541 498 1597 mediocri—magno
542 1547 590 1583 et
634 1542 694 1584 ad
740 1543 936 1584 formam
982 1543 1147 1596 triang.
1195 1546 1425 1596 vergente,
1465 1556 1508 1582 V.
1542 1542 1682 1582 etiam

57 1610 259 1650 maximo
304 1610 517 1664 elongato
559 1610 619 1651 ad
660 1610 792 1651 form.
825 1610 1008 1663 oblong.
1043 1614 1274 1663 vergente,
1309 1609 1513 1650 brevite-r
1542 1614 1682 1650 acuto

55 1676 281 1718 —obtuso
312 1683 601 1727 mucronato,
635 1678 745 1719 folia
775 1678 994 1719 interiora
1025 1677 1164 1732 vulgo
1196 1677 1381 1718 brevius
1408 1677 1567 1718 lobata
1588 1690 1681 1717 ma-

55 1745 123 1798 gis
154 1744 348 1786 dentata
379 1750 423 1786 et
456 1745 563 1786 lobo
594 1745 823 1787 terminali
855 1745 987 1787 valde
1019 1745 1246 1799 elongato,
1280 1744 1456 1785 inferne
1477 1744 1680 1785 crebrius

56 1816 104 1852 et
141 1811 326 1853 brevius
366 1813 573 1862 dentata,
607 1827 650 1853 v.
684 1814 837 1854 omnia
869 1813 1233 1866 ovato-oblonga
1263 1813 1525 1866 integriora,
1558 1816 1681 1852 exte-

56 1880 177 1920 riora
219 1880 405 1921 brevius
444 1880 616 1930 lobata,
650 1881 867 1922 interiora
898 1880 1209 1934 irregulariter
1239 1879 1678 1927 dentato-lobulata,

55 1946 162 1987 lobo
204 1947 432 1988 terminali
463 1961 630 2001 magno
661 1949 1049 2002 ovato-sagittato
1078 1961 1123 2002 p.
1157 1961 1277 1988 max.
1310 1961 1354 2001 p.
1388 1947 1581 2001 integm,
1614 1947 1679 1987 in-

56 2013 184 2054 ferne
221 2023 257 2061 ss
297 2013 505 2063 dent-ato,
549 2014 715 2056 lobulis
751 2015 1020 2057 latera-libus
1052 2014 1271 2056 brevibus
1304 2014 1677 2068 triangularibus.

169 2080 307 2134 Scapi
337 2081 501 2135 plures,
533 2081 643 2123 folia
682 2090 719 2129 ᾗ
757 2096 875 2136 saepe
905 2081 1048 2136 duplo
1079 2088 1363 2135 superantes,
1397 2080 1495 2122 basi
1512 2080 1679 2135 pallide

55 2149 439 2203 roseo-purpurei,
473 2154 686 2190 caeterum
728 2149 887 2203 pallidi
917 2165 960 2190 v.
994 2163 1188 2203 superne
1226 2158 1262 2197 ὲ
1292 2149 1677 2202 fusco-purpurei,

56 2215 516 2269 subglabri—leviter
547 2231 590 2257 v.
623 2217 752 2270 apice
783 2218 991 2270 sparsim.
1025 2216 1110 2257 sub
1142 2216 1392 2257 involucris
1422 2230 1540 2270 saepe
1569 2216 1677 2257 den-

56 2282 251 2324 siuscule
281 2284 503 2324 araneosi.

168 2351 403 2392 Involucra
435 2351 856 2399 subcaesio-viridia,
891 2355 1053 2393 12-14
1075 2365 1182 2392 mm.
1205 2351 1354 2406 longa.
1382 2356 1542 2393 10-—11
1567 2365 1676 2392 mm.

55 2417 151 2459 lata
183 2418 280 2459 basi
320 2427 356 2466 313
396 2423 550 2467 ovata,
581 2420 779 2473 squamis
800 2419 1102 2460 exterioribus
1123 2419 1678 2460 ovatis—ovato-lanceo-

55 2484 175 2534 latis,
215 2489 323 2527 3-5
356 2499 460 2527 mm.
494 2485 614 2535 latis,
647 2486 732 2527 sub
763 2486 944 2528 anthesi
974 2486 1130 2541 paullo
1161 2501 1298 2541 supra
1330 2487 1530 2528 medium
1562 2488 1677 2528 inte-

56 2553 226 2593 riorum
248 2553 608 2607 adtingentibUS,
632 2553 1402 2608 patentibus—erecto-patentibus
1426 2554 1677 2605 (interdum

55 2619 409 2674 subadpressis),
443 2634 581 2675 supra
620 2630 656 2668 ᾗ
696 2622 938 2673 argenteis,
972 2622 1204 2663 interdum
1226 2635 1356 2676 praes.
1380 2622 1556 2676 apicem
1578 2636 1676 2663 Ver-

56 2701 133 2728 sus
178 2687 341 2728 leviter
386 2687 840 2742 purpurascentibus‚
881 2688 1046 2730 subtus
1077 2689 1269 2730 obscure
1299 2689 1676 2730 caesio-viridibus

56 2755 232 2808 apicem
279 2769 437 2796 versus
476 2764 513 2803 ss
553 2756 1158 2810 piceo-purpurascentibus,
1206 2757 1292 2798 sub
1334 2758 1462 2811 apice
1492 2758 1591 2811 ipso
1630 2766 1666 2804 ss

57 2821 250 2871 callosis,
289 2824 532 2877 conspicue
563 2823 844 2877 marginatis,
877 2837 994 2878 saepe
1033 2833 1069 2872 ss
1108 2824 1420 2873 denticulatis,
1453 2824 1675 2865 interiori-

56 2887 141 2928 bus
181 2887 473 2930 dilutioribus
511 2890 556 2929 in
587 2890 763 2943 apicem
794 2890 984 2931 obscure
1014 2892 1193 2945 piceum
1234 2900 1270 2938 ss
1309 2891 1527 2932 callosum
1558 2895 1676 2931 atte-

55 2956 224 2996 nuatis.
