1991 3261
299 132 322 167 6
596 138 747 166 ARKIV
778 128 870 166 Fon
902 137 1129 166 BOTANIK.
1194 136 1324 165 ΒΑΜ)
1357 126 1397 166 9.
1460 137 1540 167 Nzo
1573 127 1610 167 5.

298 244 357 284 ad
396 239 580 300 ¹s⁸3m¹f2
614 242 914 297 longitudinis
948 255 1056 282 suae
1088 254 1253 282 nervos
1286 241 1502 295 utrinque
1540 245 1563 281 2
1583 241 1913 283 adscendentes
1964 262 1966 265 v

300 311 535 355 mittente2
604 310 786 364 petiolis
840 308 1053 350 foliorum
1108 310 1395 362 superiorum
1437 309 1535 350 basi
1568 309 1913 364 vaginantibus:

296 377 571 432 pedunculis
625 389 764 430 quam
822 375 982 431 petioli
1025 375 1164 430 paulo
1210 375 1510 424 brevioribus,
1557 376 1744 431 glabris3
1791 377 1913 430 spica

298 445 493 486 florente
542 444 670 485 limbi
719 443 963 485 dimidium
1011 447 1240 496 aequante
1288 444 1416 497 apice
1469 443 1654 493 obtusa3
1717 444 1915 484 bracteis

298 513 514 553 obovatis
552 512 757 566 margine
796 516 842 552 et
880 511 1057 551 inferne
1103 515 1300 564 utraque
1351 510 1468 552 facie
1520 511 1708 552 hirsutis
1743 511 1915 551 vertice

298 580 469 620 inflexo
502 579 731 627 lunulato;
765 578 970 619 anthei-is
1005 590 1143 631 quam
1176 577 1417 618 filamenta
1450 577 1596 619 multo
1630 577 1915 619 brevioribus

298 647 466 695 ovatis3
505 647 663 687 ovario
698 646 857 701 glabro
894 645 1245 700 ovato-globoso
1281 646 1409 699 apice
1444 649 1708 694 atteanuto3
1729 645 1916 699 stigma-

299 715 421 755 tibus
443 714 705 755 linearibus.

416 781 602 822 Ramuli
650 782 812 836 glabri,
853 781 1052 835 spiciferi
1094 783 1117 819 2
1155 793 1247 820 mm
1286 780 1438 829 crassi,
1477 780 1523 819 in
1564 783 1587 820 3
1624 793 1718 820 mm
1756 780 1916 821 crassis

299 849 616 904 collenchyma
649 849 743 889 fere
776 849 963 890 omnino
996 848 1250 889 libriforme
1282 848 1328 887 in
1360 847 1601 888 fasciculos
1636 848 1857 889 discretos
1890 861 1913 887 a

299 917 441 957 latere
465 917 702 971 elongatos
728 917 1018 971 dispositum,
1044 915 1250 956 fasciculi
1274 914 1672 956 intramedullares
1703 915 1914 955 1-seriati.

300 985 450 1025 Limbi
488 985 533 1024 in
571 984 690 1025 sicco
726 983 1227 1025 firmo-membranacei
1277 983 1433 1023 crebre
1468 982 1916 1037 pellucido-punctu—

299 1052 396 1101 lati,
422 1065 565 1105 usque
593 1052 653 1093 ad
680 1055 731 1091 14
752 1065 823 1092 cm
844 1051 967 1106 longi
991 1055 1036 1091 et
1058 1050 1152 1090 fere
1179 1053 1241 1099 7,5
1262 1049 1334 1091 cm
1355 1050 1452 1091 lati.
1517 1049 1682 1091 Petioli
1702 1049 1915 1091 foliorum

298 1119 567 1160 inferiorum
596 1133 741 1173 usque
769 1119 829 1160 ad
861 1123 884 1158 4
912 1132 982 1159 cm
1012 1118 1135 1173 longi
1164 1113 1209 1158 et
1238 1117 1360 1159 ultra
1396 1117 1600 1159 medium
1629 1117 1915 1172 vaginantes,

299 1186 513 1228 foliorum
549 1188 835 1241 superiorum
875 1190 925 1226 16
958 1199 1051 1225 mm
1086 1185 1222 1240 longi.
1288 1185 1540 1226 Pedunculi
1579 1188 1630 1225 13
1663 1198 1757 1225 mm
1778 1184 1915 1239 longi.

302 1255 436 1309 Spica
468 1254 637 1295 florens
682 1257 745 1303 7,5
777 1268 847 1295 cm
880 1254 1015 1308 longa
1048 1257 1094 1293 et
1131 1257 1242 1293 4--5
1275 1266 1368 1292 mm
1402 1265 1567 1294 crassa.
1633 1252 1842 1294 Stamina
1878 1254 1914 1292 3.

301 1322 531 1377 Stigmata
565 1325 588 1361 3
619 1321 806 1362 sessilia.
877 1322 999 1373 (Det.
1032 1325 1078 1360 et
1110 1321 1252 1362 deser.
1286 1320 1332 1361 C.
1366 1320 1440 1361 DE
1472 1320 1771 1372 CANDOLLE.)

420 1390 489 1430 Im
517 1389 730 1431 Urwalde
756 1389 803 1429 in
830 1389 954 1429 einer
982 1389 1115 1429 Hohe
1143 1402 1235 1429 von
1262 1392 1380 1429 etwa
1413 1390 1522 1428 1300
1550 1401 1608 1428 m.

418 1458 556 1510 Piper
589 1457 1011 1511 encalyptiphyllum
1044 1456 1089 1497 C.
1122 1456 1212 1496 DC.
1254 1455 1376 1507 (Det.
1409 1455 1454 1496 C.
1487 1455 1561 1496 DE
1591 1455 1890 1507 CANDOLLE.)

419 1524 491 1564 An
518 1524 856 1565 VVasserlaufen
881 1524 927 1563 in
954 1524 1078 1564 einer
1104 1523 1237 1564 Hohe
1264 1536 1355 1564 von
1379 1526 1497 1564 etwa
1526 1525 1609 1563 900
1634 1536 1693 1563 m.

419 1593 556 1645 Piper
600 1592 829 1645 hispidewn
862 1592 950 1634 SW.
987 1604 1080 1632 var.
1120 1591 1340 1631 Tonduzii
1373 1590 1418 1631 C.
1459 1590 1550 1631 DC.
1595 1590 1717 1642 (Det.
1758 1590 1803 1630 C.
1844 1590 1918 1629 DE

301 1660 602 1712 CANDOLLE.)

420 1726 511 1768 Auf
548 1727 875 1781 Talabhangen
911 1727 972 1766 im
1010 1725 1221 1766 Urwalde
1259 1725 1305 1765 in
1341 1725 1465 1765 einer
1502 1724 1634 1766 Hohe
1671 1737 1763 1765 von
1798 1727 1916 1764 etwa

308 1798 417 1835 1400
445 1808 503 1835 ni.

421 1863 683 1915 Peperowm'a
729 1862 959 1915 hispidum
1013 1861 1143 1912 (Sw.)
1192 1860 1244 1901 A.
1304 1850 1474 1901 DIETR.
1521 1873 1616 1901 var.
1653 1859 1918 1900 Sellowiana

309 1930 463 1981 (MIQ.)
499 1930 708 1970 DAHLST.
780 1928 905 1978 (Det.
941 1928 999 1967 H.
1037 1927 1365 1980 DAHLSTEDT.)

416 2006 502 2046 Syn.
531 2006 743 2046 Pcperomia
768 2011 886 2036 tenera
909 2005 999 2041 MIQ.
1028 2005 1065 2035 in
1092 2004 1187 2035 Flor.
1217 2004 1320 2035 Bras.

423 2064 476 2103 In
515 2064 768 2105 dunkleren
807 2063 1095 2117 Waldungen
1133 2064 1212 2103 auf
1250 2062 1353 2103 dem
1394 2061 1567 2109 Boden‚
1607 2061 1716 2102 aber
1753 2061 1916 2110 seltenj,

305 2131 440 2172 bliiht
466 2132 526 2171 im
550 2132 676 2172 Juni.

422 2199 683 2253 Peperomsia
701 2199 991 2252 rotundifolvta
1014 2198 1104 2249 (L.)
1126 2198 1334 2238 DAHLST.
1360 2198 1482 2249 (Det.
1506 2197 1563 2237 H.
1586 2197 1917 2246 DAHLSTEDT.)

423 2266 494 2306 An
527 2267 908 2307 Baumstamnien
937 2266 983 2306 in
1012 2266 1137 2305 einer
1173 2265 1299 2305 Hohe
1331 2278 1420 2306 von
1450 2268 1568 2305 etwa
1600 2267 1683 2304 900
1713 2277 1771 2304 m.

901 2395 1322 2438 Ghloranthaceae.

426 2480 723 2533 Hedyosmmn
757 2480 1013 2520 brasiliense
1046 2478 1200 2519 MART.

424 2546 493 2585 An
532 2546 869 2588 wasserlaufen
905 2547 965 2586 im
1002 2546 1260 2599 schattigcn
1300 2544 1509 2585 Urwalde
1546 2546 1591 2584 in
1626 2544 1750 2584 einer
1787 2543 1918 2583 sthe

308 2627 396 2654 von
428 2617 545 2654 etwa
578 2618 660 2654 900
689 2628 751 2662 mg
782 2614 916 2655 bliiht
946 2614 1005 2654 im
1038 2612 1255 2653 Oktober.

990 2742 1244 2785 Mol-accae.

424 2826 661 2867 Dorslmmu
694 2826 980 2877 multiformis
1014 2825 1124 2873 MIQ.

426 2893 478 2933 ln
519 2893 777 2947 schattigen
819 2892 981 2933 'Falern
1022 2891 1100 2932 des
1142 2891 1375 2932 Urwaldes
1417 2892 1461 2931 in
1502 2891 1624 2930 einer
1665 2889 1796 2931 Hohe
1829 2902 1917 2930 von

306 2965 423 3000 etwa
452 2964 535 3000 900
560 2974 622 3001 ln:
650 2961 710 3000 im
739 2960 944 3000 Oktober
969 2958 1184 3000 bliihend.
